@Article{Friedland67,
  author = 	 {Paul Friedland},
  title = 	 {Algorithm 312: {A}bsolute value and square root of a complex
                  number},
  journal = 	 cacm,
  year = 	 1967,
  volume =	 10,
  number = 10,
  pages =	 {665},
  annote = "\url{http://portal.acm.org/citation.cfm?id=363780}"
}

@Article{Smith98,
  author = 	 {David M. Smith},
  title = 	 {Algorithm 786: {M}ultiple-Precision Complex Arithmetic and
		  Functions},
  journal = 	 toms,
  year = 	 1998,
  volume =	 34,
  number =	 4,
  pages =	 {359--367}
}
